%https://www.overleaf.com/learn/latex/Bibliography_management_with_bibtex
%Check for unused: checkcites --unused proposal.aux

%%%%%%%%%%%%%%%% ROBOCUP %%%%%%%%%%%%%%%%%%%%

@misc{RoboCupObj,
author = {RoboCup},
title = {RoboCup Objective},
year = {2022},
note = {\nolinkurl{https://www.robocup.org/objective/}, {Accessed: 25-06-2022}}
}

@misc{fatproxy,
author = {magmaOffenburg},
title = {magmaFatProxy},
year = {2023},
note = {\nolinkurl{https://github.com/magmaOffenburg/magmaFatProxy}, {Accessed: 18-01-2023}}
}

@InProceedings{Naowalk,
author="Kasaei, Mohammadreza
and Lau, Nuno
and Pereira, Artur",
editor="Chalup, Stephan
and Niemueller, Tim
and Suthakorn, Jackrit
and Williams, Mary-Anne",
title="A Fast and Stable Omnidirectional Walking Engine for the Nao Humanoid Robot",
booktitle="RoboCup 2019: Robot World Cup XXIII",
year="2019",
publisher="Springer International Publishing",
address="Cham"
}

@misc{aldebaran,
author = {Aldebaran},
title = {NAO - Video camera},
year = 2022,
note = {\nolinkurl{http://doc.aldebaran.com/2-1/family/robots/video\textunderscore robot.html}, {Accessed: 25-06-2022"}}
}

@INPROCEEDINGS{simspark,
author={J. Boedecker and M. Asada},
booktitle={Autonomous Robots},
title={SimSpark – Concepts and Application in the
RoboCup 3D Soccer Simulation League},
year={2008},
volume={},
number={},
pages={},
doi={},
ISSN={1573-7527},
month={Jan.}
}

@INPROCEEDINGS{witsfc,
author={B. Ingram and A. Bingani and P. Ranchod and B. Rosman},
booktitle={Robocup.org},
title={WITS FC Team Description Paper},
year={2021}
}

@INPROCEEDINGS{balltrack,
author={U. Frese and T. Laue and O. Birbach},
booktitle={Conference: RoboCup 2008: Robot Soccer World Cup XII},
title={Tracking of Ball Trajectories with a Free Moving Camera-Inertial Sensor},
year={2009},
volume={},
number={},
pages={},
doi={10.1007/978-3-642-02921-9_5},
ISSN={},
month={}
}

@misc{naov6,
author = {Eduporium},
title = {NAO Robot V6},
year = {2023},
note = {\nolinkurl{https://www.eduporium.com/nao-v6-robot.html}, {Accessed: 24-01-2023}}
}

@misc{robocupdataset,
      title={Dataset and Benchmarking of Real-Time Embedded Object Detection for RoboCup SSL}, 
      author={Roberto Fernandes and Walber M. Rodrigues and Edna Barros},
      year={2021},
      eprint={2106.14597},
      archivePrefix={arXiv},
      primaryClass={cs.CV}
}

@misc{perceptors,
author = {SimSpark},
title = {Perceptors},
year = 2022,
note = {\nolinkurl{https://gitlab.com/robocup-sim/SimSpark/-/wikis/Perceptors}, {Accessed: 25-06-2022"}}
}

%%%%%%%%%%%%%%%% Computer vision general %%%%%%%%%%%%%%%%%%%%

@book{cvbook,
title = "Computer Vision: Algorithms and Applications 2nd Edition",
author = "Szeliski, Richard",
isbn = {978-1-84882-935-0},
series = {The University of Washington},
year = {2022},
publisher = {Springer}
}

@article{tradvmod,
author    = {Niall O' Mahony and
               Sean Campbell and
               Anderson Carvalho and
               Suman Harapanahalli and
               Gustavo Adolfo Velasco{-}Hern{\'{a}}ndez and
               Lenka Krpalkova and
               Daniel Riordan and
               Joseph Walsh},
title     = {Deep Learning vs. Traditional Computer Vision},
journal   = {CoRR},
volume    = {abs/1910.13796},
year      = {2019},
url       = {\nolinkurl{http://arxiv.org/abs/1910.13796}},
eprinttype = {arXiv},
eprint    = {1910.13796},
timestamp = {Fri, 01 Nov 2019 15:20:29 +0100},
biburl    = {\nolinkurl{https://dblp.org/rec/journals/corr/abs-1910-13796.bib}},
bibsource = {dblp computer science bibliography, \nolinkurl{https://dblp.org}}
}

@article{domainadpt,
author    = {Jingwei Zhang and
               Lei Tai and
               Yufeng Xiong and
               Ming Liu and
               Joschka Boedecker and
               Wolfram Burgard},
title     = {{VR} Goggles for Robots: Real-to-sim Domain Adaptation for Visual
               Control},
journal   = {CoRR},
volume    = {abs/1802.00265},
year      = {2018},
eprinttype = {arXiv},
eprint    = {1802.00265},
timestamp = {Tue, 27 Jul 2021 08:54:01 +0200},
biburl    = {\nolinkurl{https://dblp.org/rec/journals/corr/abs-1802-00265.bib}},
bibsource = {dblp computer science bibliography, \nolinkurl{https://dblp.org}}
}

@article{sim4cv,
doi = {10.1007/s11263-018-1073-7},
url = {\nolinkurl{https://doi.org/10.1007%2Fs11263-018-1073-7}},
year = 2018,
month = {mar},
publisher = {Springer},
volume = {126},
number = {9},
pages = {902--919},
author = {Matthias Müller and Vincent Casser and Jean Lahoud and Neil Smith and Bernard Ghanem},
title = {Sim4CV: A Photo-Realistic Simulator for Computer Vision Applications},
journal = {International Journal of Computer Vision}
}

@misc{quantization ,
doi = {10.48550/ARXIV.2103.13630},
url = {\nolinkurl{https://arxiv.org/abs/2103.13630}},
author = {Gholami, Amir and Kim, Sehoon and Dong, Zhen and Yao, Zhewei and Mahoney, Michael W. and Keutzer, Kurt},
keywords = {Computer Vision and Pattern Recognition (cs.CV), FOS: Computer and information sciences, FOS: Computer and information sciences},
title = {A Survey of Quantization Methods for Efficient Neural Network Inference},
publisher = {arXiv},
year = {2021},
copyright = {arXiv.org perpetual, non-exclusive license}
}

@misc{caffe,
doi = {10.48550/ARXIV.1408.5093},
url = {\nolinkurl{https://arxiv.org/abs/1408.5093}},
author = {Jia, Yangqing and Shelhamer, Evan and Donahue, Jeff and Karayev, Sergey and Long, Jonathan and Girshick, Ross and Guadarrama, Sergio and Darrell, Trevor},
keywords = {Computer Vision and Pattern Recognition (cs.CV), Machine Learning (cs.LG), Neural and Evolutionary Computing (cs.NE), FOS: Computer and information sciences, FOS: Computer and information sciences},
title = {Caffe: Convolutional Architecture for Fast Feature Embedding},
publisher = {arXiv},
year = {2014},
copyright = {arXiv.org perpetual, non-exclusive license}
}

@misc{tensorflow,
doi = {10.48550/ARXIV.1605.08695},
url = {nolinkurl{https://arxiv.org/abs/1605.08695}},
author = {Abadi, Martín and Barham, Paul and Chen, Jianmin and Chen, Zhifeng and Davis, Andy and Dean, Jeffrey and Devin, Matthieu and Ghemawat, Sanjay and Irving, Geoffrey and Isard, Michael and Kudlur, Manjunath and Levenberg, Josh and Monga, Rajat and Moore, Sherry and Murray, Derek G. and Steiner, Benoit and Tucker, Paul and Vasudevan, Vijay and Warden, Pete and Wicke, Martin and Yu, Yuan and Zheng, Xiaoqiang},
keywords = {Distributed, Parallel, and Cluster Computing (cs.DC), Artificial Intelligence (cs.AI), FOS: Computer and information sciences, FOS: Computer and information sciences},
title = {TensorFlow: A system for large-scale machine learning},
publisher = {arXiv},
year = {2016},
copyright = {arXiv.org perpetual, non-exclusive license}
}

@misc{pytorch,
doi = {10.48550/ARXIV.1912.01703},
url = {nolinkurl{https://arxiv.org/abs/1912.01703}},
author = {Paszke, Adam and Gross, Sam and Massa, Francisco and Lerer, Adam and Bradbury, James and Chanan, Gregory and Killeen, Trevor and Lin, Zeming and Gimelshein, Natalia and Antiga, Luca and Desmaison, Alban and Köpf, Andreas and Yang, Edward and DeVito, Zach and Raison, Martin and Tejani, Alykhan and Chilamkurthy, Sasank and Steiner, Benoit and Fang, Lu and Bai, Junjie and Chintala, Soumith},
keywords = {Machine Learning (cs.LG), Mathematical Software (cs.MS), Machine Learning (stat.ML), FOS: Computer and information sciences, FOS: Computer and information sciences},
title = {PyTorch: An Imperative Style, High-Performance Deep Learning Library},
publisher = {arXiv},
year = {2019},
copyright = {arXiv.org perpetual, non-exclusive license}
}

@inproceedings{onnx,
author = {Fehlner, Andreas},
title = {{The open standard for machine learning interoperability}},
year = {2022},
maintitle = {The Linux Foundation},
booktitle = {Workshop: Conceptual Advances in Deep Learning for Research on Universe and Matter},
}

@inproceedings{inference,
author = {Stefani, Domenico and Peroni, Simone and Turchet, Luca},
year = {2022},
month = {09},
pages = {},
title = {A Comparison of Deep Learning Inference Engines for Embedded Real-time Audio Classification}
}

@misc{modelzoo,
author = {ONNX},
title = {Model Zoo},
year = {2023},
note = {\nolinkurl{https://github.com/onnx/models}, {Accessed: 04-04-2023}}
}

@article{wideangle,
author = {Devernay, Frédéric and Faugeras, Olivier},
year = {2001},
month = {08},
pages = {},
title = {Straight Lines Have to Be Straight Automatic Calibration and Removal of Distortion from Scenes of Structured Environments},
volume = {13},
journal = {Mach Vis Appl},
doi = {10.1007/PL00013269}
}

@misc{vjdataset,
author = {OpenCV},
title = {Cascade Classifier Training},
year = {2023},
note = {\nolinkurl{https://docs.opencv.org/3.4/dc/d88/tutorial_traincascade.html}, {Accessed: 24-01-2023}}
}

@misc{cocodataset,
author = {COCO: Data format},
title = {Data format},
year = {2023},
note = {\nolinkurl{https://cocodataset.org/#format-data}, {Accessed: 24-01-2023}}
}

@misc{cocoeval,
author = {COCO: Detection Evaluation},
title = {Detection evaluation},
year = {2023},
note = {\nolinkurl{https://cocodataset.org/#detection-eval}, {Accessed: 24-01-2023}}
}

%%%%%%%%%%%%%%%% Object detection %%%%%%%%%%%%%%%%%%%%

@INPROCEEDINGS{yolo,
author={J. Redmon and S. Divvala and R. Girshick and A. Farhadi},
booktitle={Autonomous Robots},
title={You Only Look Once:
Unified, Real-Time Object Detection},
year={2015},
volume={},
number={},
pages={},
doi={},
ISSN={1573-7527},
month={Jan.}
}

@article{detection0,
author = {Zhao, Zhong-Qiu and Zheng, Peng and Xu, Shou-Tao and Wu, Xindong},
year = {2019},
month = {01},
pages = {1-21},
title = {Object Detection With Deep Learning: A Review},
volume = {PP},
journal = {IEEE Transactions on Neural Networks and Learning Systems},
doi = {10.1109/TNNLS.2018.2876865}
}

@INPROCEEDINGS{speedacc,
author={J. {Huang} and V. {Rathod}},
booktitle={2017 IEEE Conference on Computer Vision and Pattern Recognition (CVPR)},
title={Speed/accuracy trade-offs for modern convolutional object detectors},
year={2017},
volume={},
number={},
pages={3296-3297},
doi={10.1109/CVPR.2017.351},
month={Apr.},
}

@article{vocdataset,
author = {Everingham, Mark and Van Gool, Luc and Williams, Christopher and Winn, John and Zisserman, Andrew},
year = {2010},
month = {06},
pages = {303-338},
title = {The Pascal Visual Object Classes (VOC) challenge},
volume = {88},
journal = {International Journal of Computer Vision},
doi = {10.1007/s11263-009-0275-4}
}

@misc{v7labs,
author = {Deval Shah},
title = {Mean average precision (MAP) explained},
year = {2022},
note = {\nolinkurl{https://www.v7labs.com/blog/mean-average-precision}, {Accessed: 2022-10-26}}
}

@misc{pmetrics,
author = {Manal El Aidouni},
title = {Evaluating Object Detection Models: Guide to Performance Metrics},
year = {2019},
note = {\nolinkurl{https://manalelaidouni.github.io/Evaluating-Object-Detection-Models-Guide-to-Performance-Metrics.html}, {Accessed: 2022-10-26}}
}

@article{alexnet,
author = {Krizhevsky, Alex and Sutskever, Ilya and Hinton, Geoffrey},
year = {2012},
month = {01},
pages = {},
title = {ImageNet Classification with Deep Convolutional Neural Networks},
volume = {25},
journal = {Neural Information Processing Systems},
doi = {10.1145/3065386}
}

@misc{whyDT,
doi = {10.48550/ARXIV.1406.2419}, 
url = {nolinkurl{https://arxiv.org/abs/1406.2419}},
author = {Bristow, Hilton and Lucey, Simon},
keywords = {Computer Vision and Pattern Recognition (cs.CV), Machine Learning (cs.LG), FOS: Computer and information sciences, FOS: Computer and information sciences},
title = {Why do linear SVMs trained on HOG features perform so well?},
publisher = {arXiv},
year = {2014},
copyright = {arXiv.org perpetual, non-exclusive license}
}

@inproceedings{vjdet,
author = {Viola, Paul and Jones, Michael},
year = {2001},
month = {01},
pages = {},
title = {Robust Real-Time Object Detection},
volume = {57},
journal = {International Journal of Computer Vision - IJCV}
}

@article{hog,
author = {Dalal, Navneet and Triggs, Bill},
year = {2005},
month = {06},
pages = {},
title = {Histograms of Oriented Gradients for Human Detection},
volume = {2},
journal = {IEEE Conference on Computer Vision and Pattern Recognition (CVPR 2005)}
}

@article{deepreview,
author = {Zhao, Zhong-Qiu and Zheng, Peng and Xu, Shou-Tao and Wu, Xindong},
year = {2019},
month = {01},
pages = {1-21},
title = {Object Detection With Deep Learning: A Review},
volume = {PP},
journal = {IEEE Transactions on Neural Networks and Learning Systems},
doi = {10.1109/TNNLS.2018.2876865}
}

@article{peddetect,
author = {Dollar, Piotr and Wojek, Christian and Schiele, Bernt and Perona, Pietro},
year = {2009},
month = {06},
pages = {304-311},
title = {Pedestrian detection: A benchmark},
volume = {0},
isbn = {978-1-4244-3992-8},
journal = {2012 IEEE Conference on Computer Vision and Pattern Recognition},
doi = {10.1109/CVPR.2009.5206631}
}

@article{coco,
author = {Lin, Tsung-Yi and Maire, Michael and Belongie, Serge and Hays, James and Perona, Pietro and Ramanan, Deva and Dollár, Piotr and Zitnick, C.},
year = {2014},
month = {05},
pages = {},
title = {Microsoft COCO: Common Objects in Context}
}

@article{rcnn,
author = {Girshick, Ross and Donahue, Jeff and Darrell, Trevor and Malik, Jitendra},
year = {2014},
month = {11},
pages = {},
title = {Rich Feature Hierarchies for Accurate Object Detection and Semantic Segmentation},
journal = {Proceedings of the IEEE Computer Society Conference on Computer Vision and Pattern Recognition},
doi = {10.1109/CVPR.2014.81}
}

@misc{centernet,
doi = {10.48550/ARXIV.1904.07850}, 
url = {nolinkurl{https://arxiv.org/abs/1904.07850}},
author = {Zhou, Xingyi and Wang, Dequan and Krähenbühl, Philipp},
keywords = {Computer Vision and Pattern Recognition (cs.CV), FOS: Computer and information sciences, FOS: Computer and information sciences}, 
title = {Objects as Points},
publisher = {arXiv},
year = {2019},
copyright = {arXiv.org perpetual, non-exclusive license}
}

@article{comprehensive,
doi = {10.48550/ARXIV.2208.10895},
url = {nolinkurl{https://arxiv.org/abs/2208.10895}},
author = {Arani, Elahe and Gowda, Shruthi and Mukherjee, Ratnajit and Magdy, Omar and Kathiresan, Senthilkumar and Zonooz, Bahram},
keywords = {Computer Vision and Pattern Recognition (cs.CV), Artificial Intelligence (cs.AI), FOS: Computer and information sciences, FOS: Computer and information sciences},
title = {A Comprehensive Study of Real-Time Object Detection Networks Across Multiple Domains: A Survey},
publisher = {arXiv},
year = {2022},
copyright = {Creative Commons Attribution Non Commercial Share Alike 4.0 International}
}

@article{dlreview,
author = {Youzi, Xiao and Tian, Zhiqiang and Yu, Jiachen and Zhang, Yinshu and Liu, Shuai and Du, Shaoyi and Lan, Xuguang},
year = {2020},
month = {09},
pages = {},
title = {A review of object detection based on deep learning},
volume = {79},
journal = {Multimedia Tools and Applications},
doi = {10.1007/s11042-020-08976-6}
}

@misc{cornernet,
doi = {10.48550/ARXIV.1808.01244},
url = {nolinkurl{https://arxiv.org/abs/1808.01244}},
author = {Law, Hei and Deng, Jia},
keywords = {Computer Vision and Pattern Recognition (cs.CV), FOS: Computer and information sciences, FOS: Computer and information sciences},
title = {CornerNet: Detecting Objects as Paired Keypoints},
publisher = {arXiv},
year = {2018},
copyright = {arXiv.org perpetual, non-exclusive license}
}

@inproceedings{selfcnn,
author = {Speck, Daniel and Barros, Pablo and Weber, Cornelius and Wermter, Stefan},
year = {2016},
month = {11},
pages = {19-30},
title = {Ball Localization for Robocup Soccer Using Convolutional Neural Networks},
isbn = {978-3-319-68791-9},
doi = {10.1007/978-3-319-68792-6_2}
}

@misc{robo,
doi = {10.48550/ARXIV.1910.10949},
url = {nolinkurl{https://arxiv.org/abs/1910.10949}},
author = {Szemenyei, Marton and Estivill-Castro, Vladimir},
keywords = {Computer Vision and Pattern Recognition (cs.CV), Neural and Evolutionary Computing (cs.NE), Robotics (cs.RO), FOS: Computer and information sciences, FOS: Computer and information sciences},
title = {ROBO: Robust, Fully Neural Object Detection for Robot Soccer},
publisher = {arXiv},
year = {2019},
copyright = {arXiv.org perpetual, non-exclusive license}
}

@article{robovj,
author = {Mitri, Sara and Pervölz, Kai and Surmann, Hartmut and Nuchter, Andreas},
year = {2004},
month = {01},
pages = {},
title = {Fast Color-Independent Ball Detection for Mobile Robots}
}

@misc{nanodet,
author = {RangiLyu},
title = {NanoDet-Plus: Super fast and high accuracy lightweight anchor-free object detection model.},
year = {2021},
note = {\nolinkurl{https://github.com/RangiLyu/nanodet}, {Accessed: 04-04-2023}}
}

@misc{yolox,
title={YOLOX: Exceeding YOLO Series in 2021}, 
author={Zheng Ge and Songtao Liu and Feng Wang and Zeming Li and Jian Sun},
year={2021},
eprint={2107.08430},
archivePrefix={arXiv},
primaryClass={cs.CV}
}

@Article{stagecomp,
AUTHOR = {Carranza-García, Manuel and Torres-Mateo, Jesús and Lara-Benítez, Pedro and García-Gutiérrez, Jorge},
TITLE = {On the Performance of One-Stage and Two-Stage Object Detectors in Autonomous Vehicles Using Camera Data},
JOURNAL = {Remote Sensing},
VOLUME = {13},
YEAR = {2021},
NUMBER = {1},
ARTICLE-NUMBER = {89},
URL = {https://www.mdpi.com/2072-4292/13/1/89},
ISSN = {2072-4292},
DOI = {10.3390/rs13010089}
}
%%%%%%%%%%%%%%%% General CS %%%%%%%%%%%%%%%%%%%%

@inproceedings{kalman,
title={A new approach to linear filtering and prediction problems" transaction of the asme~journal of basic},
author={Rudolf E. K{\'a}lm{\'a}n},
year={1960}
}

@article{hungarian,
title={The Hungarian method for the assignment problem},
author={Harold W. Kuhn},
journal={Naval Research Logistics (NRL)},
year={1955},
volume={52}
}

%%%%%%%%%%%%%%%% Object tracking %%%%%%%%%%%%%%%%%%%%

@article{trackers,
author = {Soleimanitaleb, Zahra and Keyvanrad, Mohammad},
year = {2022},
month = {01},
journal={ArXiv},
pages = {},
title = {Single Object Tracking: A Survey of Methods, Datasets, and Evaluation Metrics}
}

@article{diagnosingtrack,
author = {Wang, Naiyan and Shi, Jianping and Yeung, Dit-Yan and Jia, Jiaya},
year = {2015},
month = {12},
pages = {3101-3109},
journal={ArXiv},
title = {Understanding and Diagnosing Visual Tracking Systems},
doi = {10.1109/ICCV.2015.355}
}

@article{tradtrack0,
author = {Yilmaz, Alper and Javed, Omar and Shah, Mubarak},
title = {Object Tracking: A Survey},
year = {2006},
issue_date = {2006},
publisher = {Association for Computing Machinery},
address = {New York, NY, USA},
volume = {38},
number = {4},
issn = {0360-0300},
doi = {10.1145/1177352.1177355},
journal = {ACM Comput. Surv.},
month = {dec},
pages = {13–es},
numpages = {45},
keywords = {Appearance models, point tracking, feature selection, object representation, shape tracking, contour evolution, object detection}
}

@incollection{tradtrack1,
title = {4.11 - 2D and 3D Motion Tracking in Digital Video},
editor = {AL BOVIK},
booktitle = {Handbook of Image and Video Processing (Second Edition)},
publisher = {Academic Press},
edition = {Second Edition},
address = {Burlington},
pages = {491-XVIII},
year = {2005},
series = {Communications, Networking and Multimedia},
isbn = {978-0-12-119792-6},
doi = {nolinkurl{https://doi.org/10.1016/B978-012119792-6/50093-0}},
author = {Georgios Stamou and Michail Krinidis and Evangelos Loutas and Nikos Nikolaidis and Ioannis Pitas}
}

@incollection{tradtrack2,
title = {CHAPTER 7 - Motion Tracking in Video},
editor = {Al Bovik},
booktitle = {The Essential Guide to Video Processing},
publisher = {Academic Press},
address = {Boston},
pages = {175-230},
year = {2009},
isbn = {978-0-12-374456-2},
doi = {nolinkurl{https://doi.org/10.1016/B978-0-12-374456-2.00008-6}},
author = {Nikos Nikolaidis and Michail Krinidis and Evangelous Loutas and Georgios Stamou and Ioannis Pitas}
}

@article{tradtrack3,
author = {Leal-Taixé, Laura},
year = {2014},
journal={ArXiv},
month = {11},
title = {Multiple object tracking with context awareness}
}

@INPROCEEDINGS{tradtrack5,
author={Bolme, David S. and Beveridge, J. Ross and Draper, Bruce A. and Lui, Yui Man},
booktitle={2010 IEEE Computer Society Conference on Computer Vision and Pattern Recognition}, 
title={Visual object tracking using adaptive correlation filters}, 
year={2010},
volume={},
number={},
pages={2544-2550},
doi={10.1109/CVPR.2010.5539960}
}

@misc{tracking0,
author = {Meel, Vidushi},
title = {Object Tracking in Computer Vision},
year = {2022},
note = {\nolinkurl{https://viso.ai/deep-learning/object-tracking/}, {Accessed: 30-07-2022"}}
}

@article{track0,
volume = {14},
number = {15},
month = {July},
author = {Z. Zhang and C. Wang and J. Song and Y. Xu},
note = {This is an open access article distributed under the Creative Commons Attribution License which permits unrestricted use, distribution, and reproduction in any medium, provided the original work is properly cited.},
title = {Object Tracking Based on Satellite Videos: A Literature Review},
publisher = {MDPI},
year = {2022},
journal = {Remote Sensing},
doi = {10.3390/rs14153674},
keywords = {satellite video; traffic target tracking; ship tracking; typhoon tracking; fire tracking; ice motion tracking; deep learning}
}

@misc{track1,
doi = {10.48550/ARXIV.1303.4803},
author = {Li, Xi and Hu, Weiming and Shen, Chunhua and Zhang, Zhongfei and Dick, Anthony and Hengel, Anton van den},
keywords = {Computer Vision and Pattern Recognition (cs.CV), FOS: Computer and information sciences, FOS: Computer and information sciences},
title = {A Survey of Appearance Models in Visual Object Tracking},
publisher = {arXiv},  
year = {2013},
copyright = {arXiv.org perpetual, non-exclusive license}
}

@incollection{track2,
title = {4.11 - 2D and 3D Motion Tracking in Digital Video},
editor = {AL BOVIK},
booktitle = {Handbook of Image and Video Processing (Second Edition)},
publisher = {Academic Press},
edition = {Second Edition},
address = {Burlington},
pages = {491-XVIII},
year = {2005},
series = {Communications, Networking and Multimedia},
isbn = {978-0-12-119792-6},
doi = {nolinkurl{https://doi.org/10.1016/B978-012119792-6/50093-0}},
author = {Georgios Stamou and Michail Krinidis and Evangelos Loutas and Nikos Nikolaidis and Ioannis Pitas}
}

@article{deeptrack0,
doi = {10.1109/tits.2020.3046478},
url = {nolinkurl{https://doi.org/10.1109%2Ftits.2020.3046478}},
year = 2022,
month = {may},
publisher = {Institute of Electrical and Electronics Engineers ({IEEE})},
volume = {23},
number = {5},
pages = {3943--3968},
author = {Seyed Mojtaba Marvasti-Zadeh and Li Cheng and Hossein Ghanei-Yakhdan and Shohreh Kasaei},
title = {Deep Learning for Visual Tracking: A Comprehensive Survey},
journal = {{IEEE} Transactions on Intelligent Transportation Systems}
}

@article{deeptrack1,
author = {Li, Peixia and Wang, Dong and Wang, Lijun and Lu, Huchuan},
year = {2017},
month = {11},
pages = {},
title = {Deep Visual Tracking: Review and Experimental Comparison},
volume = {76},
journal = {Pattern Recognition},
doi = {10.1016/j.patcog.2017.11.007}
}

@misc{deepsort,
doi = {10.48550/ARXIV.1703.07402},
author = {Wojke, Nicolai and Bewley, Alex and Paulus, Dietrich},
title = {Simple Online and Realtime Tracking with a Deep Association Metric},
publisher = {arXiv},
year = {2017},
copyright = {arXiv.org perpetual, non-exclusive license}
}

@inproceedings{sort,
doi = {10.1109/icip.2016.7533003},
year = {2016},
month = {sep},
publisher = {IEEE},
author = {Alex Bewley and Zongyuan Ge and Lionel Ott and Fabio Ramos and Ben Upcroft},
title = {Simple online and realtime tracking},
booktitle = {2016 {IEEE} International Conference on Image Processing ({ICIP})},
}

@misc{golftrack,
doi = {10.48550/ARXIV.2012.09393},
url = {nolinkurl{https://arxiv.org/abs/2012.09393}}, 
author = {Zhang, Tianxiao and Zhang, Xiaohan and Yang, Yiju and Wang, Zongbo and Wang, Guanghui},
keywords = {Computer Vision and Pattern Recognition (cs.CV), FOS: Computer and information sciences, FOS: Computer and information sciences},
title = {Efficient Golf Ball Detection and Tracking Based on Convolutional Neural Networks and Kalman Filter},
publisher = {arXiv},
year = {2020},
copyright = {arXiv.org perpetual, non-exclusive license}
}

@inproceedings{robocuptrack,
author = {Birbach, Oliver and Kurlbaum, Jörg and Laue, Tim and Frese, Udo},
year = {2009},
month = {06},
pages = {49-60},
title = {Tracking of Ball Trajectories with a Free Moving Camera-Inertial Sensor},
volume = {5399},
isbn = {978-3-642-02920-2},
doi = {10.1007/978-3-642-02921-9_5}
}

@misc{sort++,
doi = {10.48550/ARXIV.2101.07549},
url = {nolinkurl{https://arxiv.org/abs/2101.07549}},
author = {Salscheider, Niels Ole},
keywords = {Computer Vision and Pattern Recognition (cs.CV), FOS: Computer and information sciences, FOS: Computer and information sciences},
title = {Object Tracking by Detection with Visual and Motion Cues},
publisher = {arXiv},
year = {2021},
copyright = {arXiv.org perpetual, non-exclusive license}
}


@Article{sortrob,
AUTHOR = {Pereira, Ricardo and Carvalho, Guilherme and Garrote, Luís and Nunes, Urbano J.},
TITLE = {Sort and Deep-SORT Based Multi-Object Tracking for Mobile Robotics: Evaluation with New Data Association Metrics},
JOURNAL = {Applied Sciences},
VOLUME = {12},
YEAR = {2022},
NUMBER = {3},
ARTICLE-NUMBER = {1319},
URL = {nolinkurl{https://www.mdpi.com/2076-3417/12/3/1319}},
ISSN = {2076-3417},
DOI = {10.3390/app12031319}
}

@article{kalmannet,
doi = {10.1109/tsp.2022.3158588},
url = {nolinkurl{https://doi.org/10.1109%2Ftsp.2022.3158588}},
year = 2022,
publisher = {Institute of Electrical and Electronics Engineers ({IEEE})},
volume = {70},
pages = {1532--1547},
author = {Guy Revach and Nir Shlezinger and Xiaoyong Ni and Adria Lopez Escoriza and Ruud J. G. van Sloun and Yonina C. Eldar},
title = {{KalmanNet}: Neural Network Aided Kalman Filtering for Partially Known Dynamics},
journal = {{IEEE} Transactions on Signal Processing}
}

@misc{kalmangit,
author = {KalmanNet},
title = {KalmanNet TSP Repository},
year = {2023},
note = {\nolinkurl{https://github.com/KalmanNet/KalmanNet_TSP}, {Accessed: 14-02-2023"}}
}

@inproceedings{3dparabola,
author = {Silva, Hugo and Dias, A. and Almeida, J.M. and Martins, Alfredo and Silva, E.},
year = {2012},
month = {06},
pages = {586-597},
title = {Real-Time 3D Ball Trajectory Estimation for RoboCup Middle Size League Using a Single Camera},
volume = {7416},
isbn = {978-3-642-32059-0},
doi = {10.1007/978-3-642-32060-6_50}
}

@misc{slam,
doi = {10.48550/ARXIV.2210.09636},
url = {nolinkurl{https://arxiv.org/abs/2210.09636}},
author = {Choi, Geon and Park, Jeonghun and Shlezinger, Nir and Eldar, Yonina C. and Lee, Namyoon},
keywords = {Signal Processing (eess.SP), Machine Learning (cs.LG), Robotics (cs.RO), FOS: Electrical engineering, electronic engineering, information engineering, FOS: Electrical engineering, electronic engineering, information engineering, FOS: Computer and information sciences, FOS: Computer and information sciences},
title = {Split-KalmanNet: A Robust Model-Based Deep Learning Approach for SLAM},
publisher = {arXiv},
year = {2022},
copyright = {arXiv.org perpetual, non-exclusive license}
}

@inbook{trackbook,
author = {Porikli, Fatih and Yilmaz, Alper},
year = {2012},
month = {01},
pages = {},
title = {Object Detection and Tracking},
volume = {409},
isbn = {978-3-642-28597-4},
journal = {Studies in Computational Intelligence},
doi = {10.1007/978-3-642-28598-1_1}
}

@inproceedings{kalmanperform,
author = {Havlík, Jindřich and Straka, Ondřej},
year = {2015},
month = {11},
pages = {},
title = {Performance evaluation of iterated extended Kalman filter with variable step-length},
volume = {659},
journal = {Journal of Physics: Conference Series},
doi = {10.1088/1742-6596/659/1/012022}
}

@inproceedings{kalmanforever,
author = {Urrea, Claudio and Agramonte, Rayko},
year = {2021},
month = {9},
pages = {},
title = {Kalman Filter: Historical Overview and Review of Its Use in Robotics 60 Years after Its Creation},
volume = {659},
journal = {Journal of Sensors, vol. 2021},
doi = {10.1155/2021/9674015}
}
